@inproceedings{ratner2018snorkel,
  title={Snorkel MeTaL: Weak Supervision for Multi-Task Learning},
  author={Ratner, Alex and Hancock, Braden and Dunnmon, Jared and Goldman, Roger and R{\'e}, Christopher},
  booktitle={Proceedings of the Second Workshop on Data Management for End-To-End Machine Learning},
  pages={3},
  year={2018},
  organization={ACM}
}

@Article{Shiliang_Zhang_2008,
  author       = {Shiliang Zhang and Qi Tian and Shuqiang Jiang and
                  Qingming Huang and Wen Gao},
  title	       = {Affective MTV analysis based on arousal and valence
                  features},
  year	       = 2008,
  month	       = {Jun},
  doi	       = {10.1109/icme.2008.4607698},
  url	       = {http://dx.doi.org/10.1109/icme.2008.4607698},
  isbn	       = 9781424425709,
  journal      = {2008 IEEE International Conference on Multimedia and
                  Expo},
  publisher    = {IEEE}
}
@Article{Schindler_2008,
  author       = {Schindler, Konrad and Van Gool, Luc and de Gelder,
                  Beatrice},
  title	       = {Recognizing emotions expressed by body pose: A
                  biologically inspired neural model},
  year	       = 2008,
  volume       = 21,
  number       = 9,
  month	       = {Nov},
  pages	       = {1238–1246},
  issn	       = {0893-6080},
  doi	       = {10.1016/j.neunet.2008.05.003},
  url	       = {http://dx.doi.org/10.1016/j.neunet.2008.05.003},
  journal      = {Neural Networks},
  publisher    = {Elsevier BV}
}

@Article{Picard_2010,
  author       = {Picard, Rosalind W.},
  title	       = {Affective Computing: From Laughter to IEEE},
  year	       = 2010,
  volume       = 1,
  number       = 1,
  month	       = {Jan},
  pages	       = {11–17},
  issn	       = {1949-3045},
  doi	       = {10.1109/t-affc.2010.10},
  url	       = {http://dx.doi.org/10.1109/t-affc.2010.10},
  journal      = {IEEE Transactions on Affective Computing},
  publisher    = {Institute of Electrical and Electronics Engineers
                  (IEEE)}
}


@Article{Deng_2017,
  author       = {Deng, Zhiwei and Navarathna, Rajitha and Carr, Peter
                  and Mandt, Stephan and Yue, Yisong and Matthews,
                  Iain and Mori, Greg},
  title	       = {Factorized Variational Autoencoders for Modeling
                  Audience Reactions to Movies},
  year	       = 2017,
  month	       = {Jul},
  doi	       = {10.1109/cvpr.2017.637},
  url	       = {http://dx.doi.org/10.1109/cvpr.2017.637},
  isbn	       = 9781538604571,
  journal      = {2017 IEEE Conference on Computer Vision and Pattern
                  Recognition (CVPR)},
  publisher    = {IEEE}
}

@Article{Fan_2018,
  author       = {Fan, Shaojing and Shen, Zhiqi and Jiang, Ming and
                  Koenig, Bryan L. and Xu, Juan and Kankanhalli, Mohan
                  S. and Zhao, Qi},
  title	       = {Emotional Attention: A Study of Image Sentiment and
                  Visual Attention},
  year	       = 2018,
  month	       = {Jun},
  doi	       = {10.1109/cvpr.2018.00785},
  url	       = {http://dx.doi.org/10.1109/cvpr.2018.00785},
  isbn	       = 9781538664209,
  journal      = {2018 IEEE/CVF Conference on Computer Vision and
                  Pattern Recognition},
  publisher    = {IEEE}
}

@Article{Kulke_2018,
  author       = {Kulke, Louisa and Feyerabend, Dennis and Schacht,
                  Annekathrin},
  title	       = {Comparing the Affectiva iMotions Facial Expression
                  Analysis Software with EMG},
  year	       = 2018,
  month	       = {Mar},
  doi	       = {10.31234/osf.io/6c58y},
  url	       = {http://dx.doi.org/10.31234/osf.io/6c58y},
  publisher    = {Center for Open Science}
}

@article{kessous2010multimodal,
  title={Multimodal emotion recognition in speech-based interaction using facial expression, body gesture and acoustic analysis},
  author={Kessous, Loic and Castellano, Ginevra and Caridakis, George},
  journal={Journal on Multimodal User Interfaces},
  volume={3},
  number={1-2},
  pages={33--48},
  year={2010},
  publisher={Springer}
}

@inproceedings{saha2018unsupervised,
  title={Unsupervised deep representations for learning audience facial behaviors},
  author={Saha, Suman and Navarathna, Rajitha and Helminger, Leonhard and Weber, Romann M},
  booktitle={Proceedings of the IEEE Conference on Computer Vision and Pattern Recognition Workshops},
  pages={1132--1137},
  year={2018}

}

@inproceedings{garcia2019emotion,
  title={Emotion and attention: Audiovisual models for group-level skin response recognition in short movies},
  author={Garc{\'\i}a-Faura, {\'A}lvaro and Hern{\'a}ndez-Garc{\'\i}a, Alejandro and Fern{\'a}ndez-Mart{\'\i}nez, Fernando and D{\'\i}az-de-Mar{\'\i}a, Fernando and San-Segundo, Rub{\'e}n},
  booktitle={Web Intelligence},
  volume={17},
  number={1},
  pages={29--40},
  year={2019},
  organization={IOS Press}
}

@Article{Navarathna_2017,
  author       = {Navarathna, Rajitha and Carr, Peter and Lucey,
                  Patrick and Matthews, Iain},
  title	       = {Estimating Audience Engagement to Predict Movie
                  Ratings},
  year	       = 2017,
  pages	       = {1–1},
  issn	       = {1949-3045},
  doi	       = {10.1109/taffc.2017.2723011},
  url	       = {http://dx.doi.org/10.1109/taffc.2017.2723011},
  journal      = {IEEE Transactions on Affective Computing},
  publisher    = {Institute of Electrical and Electronics Engineers
                  (IEEE)}
}

@Article{Zhou_2006,
  author       = {Zhou, Renlai and Hu, Senqi},
  title	       = {Study of Posed Emotion in Facial EMG Asymmetry},
  year	       = 2006,
  volume       = 102,
  number       = 2,
  month	       = {Apr},
  pages	       = {430–434},
  issn	       = {1558-688X},
  doi	       = {10.2466/pms.102.2.430-434},
  url	       = {http://dx.doi.org/10.2466/pms.102.2.430-434},
  journal      = {Perceptual and Motor Skills},
  publisher    = {SAGE Publications}
}

@inproceedings{wu2008interactive,
  title={Interactive content presentation based on expressed emotion and physiological feedback},
  author={Wu, Tien-Lin and Wang, Hsuan-Kai and Ho, Chien-Chang and Lin, Yuan-Pin and Hu, Ting-Ting and Weng, Ming-Fang and Chan, Li-Wei and Yang, Chang-Hua and Yang, Yi-Hsuan and Hung, Yi-Ping and others},
  booktitle={Proceedings of the 16th ACM international conference on Multimedia},
  pages={1009--1010},
  year={2008},
  organization={ACM}
}

@inproceedings{martinez2017human,
  title={On human motion prediction using recurrent neural networks},
  author={Martinez, Julieta and Black, Michael J and Romero, Javier},
  booktitle={Proceedings of the IEEE Conference on Computer Vision and Pattern Recognition},
  pages={2891--2900},
  year={2017}
}

@inproceedings{martinez2017simple,
  title={A simple yet effective baseline for 3d human pose estimation},
  author={Martinez, Julieta and Hossain, Rayat and Romero, Javier and Little, James J},
  booktitle={Proceedings of the IEEE International Conference on Computer Vision},
  pages={2640--2649},
  year={2017}
}

@article{hossain2016patient,
  title={Patient state recognition system for healthcare using speech and facial expressions},
  author={Hossain, M Shamim},
  journal={Journal of medical systems},
  volume={40},
  number={12},
  pages={272},
  year={2016},
  publisher={Springer}
}

@inproceedings{tivatansakul2014emotional,
  title={Emotional healthcare system: Emotion detection by facial expressions using Japanese database},
  author={Tivatansakul, Somchanok and Ohkura, Michiko and Puangpontip, Supadchaya and Achalakul, Tiranee},
  booktitle={2014 6th Computer Science and Electronic Engineering Conference (CEEC)},
  pages={41--46},
  year={2014},
  organization={IEEE}
}

@article{thorat2010facial,
  title={Facial recognition technology: An analysis with scope in India},
  author={Thorat, SB and Nayak, SK and Dandale, Jyoti P},
  journal={arXiv preprint arXiv:1005.4263},
  year={2010}
}

@inproceedings{cao2018openpose,
  author = {Zhe Cao and Gines Hidalgo and Tomas Simon and Shih-En Wei and Yaser Sheikh},
  booktitle = {arXiv preprint arXiv:1812.08008},
  title = {Open{P}ose: realtime multi-person 2{D} pose estimation using {P}art {A}ffinity {F}ields},
  year = {2018}
}

@inproceedings{cao2017realtime,
  author = {Zhe Cao and Tomas Simon and Shih-En Wei and Yaser Sheikh},
  booktitle = {CVPR},
  title = {Realtime Multi-Person 2D Pose Estimation using Part Affinity Fields},
  year = {2017}
}

@inproceedings{simon2017hand,
  author = {Tomas Simon and Hanbyul Joo and Iain Matthews and Yaser Sheikh},
  booktitle = {CVPR},
  title = {Hand Keypoint Detection in Single Images using Multiview Bootstrapping},
  year = {2017}
}

@inproceedings{wei2016cpm,
  author = {Shih-En Wei and Varun Ramakrishna and Takeo Kanade and Yaser Sheikh},
  booktitle = {CVPR},
  title = {Convolutional pose machines},
  year = {2016}
}

@Article{Noroozi_2019,
  author       = {Noroozi, Fatemeh and Kaminska, Dorota and Corneanu,
                  Ciprian and Sapinski, Tomasz and Escalera, Sergio
                  and Anbarjafari, Gholamreza},
  title	       = {Survey on Emotional Body Gesture Recognition},
  year	       = 2019,
  pages	       = {1–1},
  issn	       = {2371-9850},
  doi	       = {10.1109/taffc.2018.2874986},
  url	       = {http://dx.doi.org/10.1109/taffc.2018.2874986},
  journal      = {IEEE Transactions on Affective Computing},
  publisher    = {Institute of Electrical and Electronics Engineers
                  (IEEE)}
}

@inproceedings{marinoiu20183d,
  title={3d human sensing, action and emotion recognition in robot assisted therapy of children with autism},
  author={Marinoiu, Elisabeta and Zanfir, Mihai and Olaru, Vlad and Sminchisescu, Cristian},
  booktitle={Proceedings of the IEEE Conference on Computer Vision and Pattern Recognition},
  pages={2158--2167},
  year={2018}
}

@article{patwardhan2016multimodal,
  title={Multimodal affect recognition using kinect},
  author={Patwardhan, Amol and Knapp, Gerald},
  journal={arXiv preprint arXiv:1607.02652},
  year={2016}
}

@inproceedings{navarathna2014predicting,
  title={Predicting movie ratings from audience behaviors},
  author={Navarathna, Rajitha and Lucey, Patrick and Carr, Peter and Carter, Elizabeth and Sridharan, Sridha and Matthews, Iain},
  booktitle={IEEE Winter Conference on Applications of Computer Vision},
  pages={1058--1065},
  year={2014},
  organization={IEEE}
}

@inproceedings{joshi2010movie,
  title={Movie reviews and revenues: An experiment in text regression},
  author={Joshi, Mahesh and Das, Dipanjan and Gimpel, Kevin and Smith, Noah A},
  booktitle={Human Language Technologies: The 2010 Annual Conference of the North American Chapter of the Association for Computational Linguistics},
  pages={293--296},
  year={2010},
  organization={Association for Computational Linguistics}
}

  @article{Guler2018DensePose,
  title={DensePose: Dense Human Pose Estimation In The Wild},
  author={Riza Alp G\"uler, Natalia Neverova, Iasonas Kokkinos},
  journal={arXiv},
  year={2018}
  }

@article{osokin2018real,
  title={Real-time 2D Multi-Person Pose Estimation on CPU: Lightweight OpenPose},
  author={Osokin, Daniil},
  journal={arXiv preprint arXiv:1811.12004},
  year={2018}
}

@article{wang20193d,
  title={3D Human Pose Machines with Self-supervised Learning},
  author={Wang, Keze and Lin, Liang and Jiang, Chenhan and Qian, Chen and Wei, Pengxu},
  journal={IEEE transactions on pattern analysis and machine intelligence},
  year={2019},
  publisher={IEEE}
}

@misc{ChinasAI6:online,
author = {Tiernan Ray},
title = {China's AI scientists teach a neural net to train itself | ZDNet},
howpublished = {\url{https://www.zdnet.com/article/chinas-ai-scientists-teach-a-neural-net-to-train-itself/}},
month = {Jan},
year = {2019},
note = {(Accessed on 03/04/2019)}
}

@inproceedings{ferdinando2016comparing,
  title={Comparing features from ECG pattern and HRV analysis for emotion recognition system},
  author={Ferdinando, Hany and Sepp{\"a}nen, Tapio and Alasaarela, Esko},
  booktitle={2016 IEEE Conference on Computational Intelligence in Bioinformatics and Computational Biology (CIBCB)},
  pages={1--6},
  year={2016},
  organization={IEEE}
}


@Article{Castellano,
  author       = {Castellano, Ginevra and Villalba, Santiago D. and
                  Camurri, Antonio},
  title	       = {Recognising Human Emotions from Body Movement and
                  Gesture Dynamics},
  pages	       = {71–82},
  issn	       = {1611-3349},
  doi	       = {10.1007/978-3-540-74889-2_7},
  url	       = {http://dx.doi.org/10.1007/978-3-540-74889-2_7},
  isbn	       = 9783540748892,
  journal      = {Lecture Notes in Computer Science},
  publisher    = {Springer Berlin Heidelberg}
}

@Article{Glowinski_2008,
  author       = {Glowinski, Donald and Camurri, Antonio and Volpe,
                  Gualtiero and Dael, Nele and Scherer, Klaus},
  title	       = {Technique for automatic emotion recognition by body
                  gesture analysis},
  year	       = 2008,
  month	       = {Jun},
  doi	       = {10.1109/cvprw.2008.4563173},
  url	       = {http://dx.doi.org/10.1109/cvprw.2008.4563173},
  isbn	       = 9781424423392,
  journal      = {2008 IEEE Computer Society Conference on Computer
                  Vision and Pattern Recognition Workshops},
  publisher    = {IEEE}
}

@Article{Saha_2014,
  author       = {Saha, Sriparna and Datta, Shreyasi and Konar, Amit
                  and Janarthanan, Ramadoss},
  title	       = {A study on emotion recognition from body gestures
                  using Kinect sensor},
  year	       = 2014,
  month	       = {Apr},
  doi	       = {10.1109/iccsp.2014.6949798},
  url	       = {http://dx.doi.org/10.1109/iccsp.2014.6949798},
  isbn	       = 9781479933563,
  journal      = {2014 International Conference on Communication and
                  Signal Processing},
  publisher    = {IEEE}
}

@Article{Masood_2011,
  author       = {Masood, Syed Zain and Ellis, Christopher and
                  Nagaraja, Adarsh and Tappen, Marshall F. and
                  LaViola, Joseph J. and Sukthankar, Rahul},
  title	       = {Measuring and reducing observational latency when
                  recognizing actions},
  year	       = 2011,
  month	       = {Nov},
  doi	       = {10.1109/iccvw.2011.6130272},
  url	       = {http://dx.doi.org/10.1109/iccvw.2011.6130272},
  isbn	       = 9781467300612,
  journal      = {2011 IEEE International Conference on Computer
                  Vision Workshops (ICCV Workshops)},
  publisher    = {IEEE}
}

@Article{Ranganathan_2016,
  author       = {Ranganathan, Hiranmayi and Chakraborty, Shayok and
                  Panchanathan, Sethuraman},
  title	       = {Multimodal emotion recognition using deep learning
                  architectures},
  year	       = 2016,
  month	       = {Mar},
  doi	       = {10.1109/wacv.2016.7477679},
  url	       = {http://dx.doi.org/10.1109/wacv.2016.7477679},
  isbn	       = 9781509006410,
  journal      = {2016 IEEE Winter Conference on Applications of
                  Computer Vision (WACV)},
  publisher    = {IEEE}
}


@article{DBLP:journals/corr/abs-1901-01805,
  author    = {Panagiotis Paraskevas Filntisis and
               Niki Efthymiou and
               Petros Koutras and
               Gerasimos Potamianos and
               Petros Maragos},
  title     = {Fusing Body Posture with Facial Expressions for Joint Recognition
               of Affect in Child-Robot Interaction},
  journal   = {CoRR},
  volume    = {abs/1901.01805},
  year      = {2019},
  url       = {http://arxiv.org/abs/1901.01805},
  archivePrefix = {arXiv},
  eprint    = {1901.01805},
  timestamp = {Thu, 31 Jan 2019 13:52:49 +0100},
  biburl    = {https://dblp.org/rec/bib/journals/corr/abs-1901-01805},
  bibsource = {dblp computer science bibliography, https://dblp.org}
}

